@article{gatys15,
  author    = {Leon A. Gatys and
               Alexander S. Ecker and
               Matthias Bethge},
  title     = {A Neural Algorithm of Artistic Style},
  journal   = {CoRR},
  volume    = {abs/1508.06576},
  year      = {2015},
  url       = {http://arxiv.org/abs/1508.06576},
  timestamp = {Tue, 01 Sep 2015 14:42:40 +0200},
  biburl    = {http://dblp.uni-trier.de/rec/bib/journals/corr/GatysEB15a},
  bibsource = {dblp computer science bibliography, http://dblp.org},
  annotate  = {The most important article detailing the algorithm for replicating painting styles.}
}

@article{jia14,
  author    = {Yangqing Jia and
               Evan Shelhamer and
               Jeff Donahue and
               Sergey Karayev and
               Jonathan Long and
               Ross B. Girshick and
               Sergio Guadarrama and
               Trevor Darrell},
  title     = {Caffe: Convolutional Architecture for Fast Feature Embedding},
  journal   = {CoRR},
  volume    = {abs/1408.5093},
  year      = {2014},
  url       = {http://arxiv.org/abs/1408.5093},
  timestamp = {Fri, 12 Sep 2014 12:44:21 +0200},
  biburl    = {http://dblp.uni-trier.de/rec/bib/journals/corr/JiaSDKLGGD14},
  bibsource = {dblp computer science bibliography, http://dblp.org},
  annotate  = {Original paper describing the Caffe deep learning framework which we'll be using to implement our algorithm.}
}
@article{johnson08,
author={Johnson, C.R. and Hendriks, E. and Berezhnoy, I.J. and Brevdo, E. and Hughes, S.M. and Daubechies, I. and Jia Li and Postma, E. and Wang, J.Z.},
journal={Signal Processing Magazine, IEEE},
title={Image processing for artist identification},
year={2008},
volume={25},
number={4},
pages={37-48},
keywords={art;image processing;Kroller-Muller Museum;Van Gogh Museum;art historian;artist identification;brushwork analysis;image processing tool;Art;Brushes;Educational institutions;Guidelines;High-resolution imaging;Image processing;Painting;Shape;Subspace constraints;Surface topography},
doi={10.1109/MSP.2008.923513},
ISSN={1053-5888},
month={July},
annotate = {Survey of a related problem of training a classifier to identify the artist of an image.}
}

@article{karayev14,
  author    = {Sergey Karayev and
               Aaron Hertzmann and
               Holger Winnemoeller and
               Aseem Agarwala and
               Trevor Darrell},
  title     = {Recognizing Image Style},
  journal   = {CoRR},
  volume    = {abs/1311.3715},
  year      = {2013},
  url       = {http://arxiv.org/abs/1311.3715},
  timestamp = {Tue, 03 Dec 2013 15:04:22 +0100},
  biburl    = {http://dblp.uni-trier.de/rec/bib/journals/corr/KarayevHWAD13},
  bibsource = {dblp computer science bibliography, http://dblp.org},
  annotate  = {CV article detailing how neural networks can be used to identify the style rather than the content of the image.}
}
